<?xml version="1.0" encoding="UTF-8"?><collection xmlns="http://www.loc.gov/MARC21/slim"><record><leader>00405nam--2200133-i-4500</leader><controlfield tag="001">000020011</controlfield><controlfield tag="002">20161230</controlfield><controlfield tag="005">20161230201033</controlfield><controlfield tag="008">060222s1000------------r-----000-0-eng-d</controlfield><datafield ind1=" " ind2=" " tag="080"><subfield code="a">621.317.75:621.373.51(043)</subfield></datafield><datafield ind1=" " ind2=" " tag="100"><subfield code="a">Giudice, Michel Del</subfield></datafield><datafield ind1=" " ind2=" " tag="245"><subfield code="a">Melangeurs millimetriques a diode schottky utilisant une ligne radiale. these</subfield></datafield><datafield ind1=" " ind2=" " tag="260"><subfield code="a">Orsay, Universite De Paris-sud, 1980.   74 P</subfield></datafield><datafield ind1=" " ind2=" " tag="852"><subfield code="a">49660</subfield></datafield></record></collection>